@inproceedings{hanin2018neural,
  title={Which neural net architectures give rise to exploding and vanishing gradients?},
  author={Hanin, Boris},
  booktitle={Advances in neural information processing systems},
  pages={582--591},
  year={2018}
}

@article{liu2020bad,
  title={Bad global minima exist and sgd can reach them},
  author={Liu, Shengchao and Papailiopoulos, Dimitris and Achlioptas, Dimitris},
  journal={Advances in Neural Information Processing Systems},
  volume={33},
  year={2020}
}

@article{carrillo2018analytical,
  title={An analytical framework for consensus-based global optimization method},
  author={Carrillo, Jos{\'e} A and Choi, Young-Pil and Totzeck, Claudia and Tse, Oliver},
  journal={Mathematical Models and Methods in Applied Sciences},
  volume={28},
  number={06},
  pages={1037--1066},
  year={2018},
  publisher={World Scientific}
}

@article{totzeck2018numerical,
  title={A Numerical Comparison of Consensus-Based Global Optimization to other Particle-based Global Optimization Schemes},
  author={Totzeck, Claudia and Pinnau, Ren{\'e} and Blauth, Sebastian and Schotth{\"o}fer, Steffen},
  journal={PAMM},
  volume={18},
  number={1},
  pages={e201800291},
  year={2018},
  publisher={Wiley Online Library}
}

@article{pinnau2017consensus,
  title={A consensus-based model for global optimization and its mean-field limit},
  author={Pinnau, Ren{\'e} and Totzeck, Claudia and Tse, Oliver and Martin, Stephan},
  journal={Mathematical Models and Methods in Applied Sciences},
  volume={27},
  number={01},
  pages={183--204},
  year={2017},
  publisher={World Scientific}
}

@article{carrillo2019consensus,
  title={A consensus-based global optimization method for high dimensional machine learning problems},
  author={Carrillo, Jos{\'e} A and Jin, Shi and Li, Lei and Zhu, Yuhua},
  journal={arXiv preprint arXiv:1909.09249},
  year={2019}
}