@article{cite1,
    author = {Last Name, First Name},
    title = {Title of article},
    journal = {Journal Title},
    volume = {vol},
    number = {no},
    year = {yyyy},
    pages = {p1-p2}
}

