@article{li2019d3m,
  title={{D3M: A deep domain decomposition method for partial differential equations}},
  author={Li, Ke and Tang, Kejun and Wu, Tianfan and Liao, Qifeng},
  journal={IEEE Access},
  volume={8},
  pages={5283--5294},
  year={2019},
  publisher={IEEE}
}

@book{leveque2002finite,
  title={Finite volume methods for hyperbolic problems},
  author={LeVeque, Randall J.},
  volume={31},
  year={2002},
  publisher={Cambridge university press}
}
       
@article{liang2021reproducing,
  title={Reproducing Activation Function for Deep Learning},
  author={Liang, Senwei and Lyu, Liyao and Wang, Chunmei and Yang, Haizhao},
  journal={arXiv preprint arXiv:2101.04844},
  year={2021}
}

@article{luo2020two,
  title={{Two-layer neural networks for partial differential equations: Optimization and generalization theory}},
  author={Luo, Tao and Yang, Haizhao},
  journal={arXiv preprint arXiv:2006.15733},
  year={2020}
}

@article{zang2020weak,
  title={Weak adversarial networks for high-dimensional partial differential equations},
  author={Zang, Yaohua and Bao, Gang and Ye, Xiaojing and Zhou, Haomin},
  journal={Journal of Computational Physics},
  volume={411},
  pages={109409},
  year={2020},
  publisher={Elsevier}
}

@article{han2020solving,
  title={Solving high-dimensional eigenvalue problems using deep neural networks: A diffusion Monte Carlo like approach},
  author={Han, Jiequn and Lu, Jianfeng and Zhou, Mo},
  journal={Journal of Computational Physics},
  volume={423},
  pages={109792},
  year={2020},
  publisher={Elsevier}
}



@article{sirignano2018dgm,
  title={{DGM}: A deep learning algorithm for solving partial differential equations},
  author={Sirignano, Justin and Spiliopoulos, Konstantinos},
  journal={Journal of computational physics},
  volume={375},
  pages={1339--1364},
  year={2018},
  publisher={Elsevier}
}

@article{lyu2020mim,
  title={{M}{I}{M}: A deep mixed residual method for solving high-order partial differential equations},
  author={Lyu, Liyao and Zhang, Zhen and Chen, Minxin and Chen, Jingrun},
  journal={arXiv preprint arXiv:2006.04146},
  year={2020}
}

@article{lyu2020bc,
  title={Enforcing exact boundary and initial conditions in the deep mixed residual method},
  author={Lyu, Liyao and Wu, Keke and Du, Rui and Chen, Jingrun},
  journal={arXiv preprint arXiv:2008.01491 (accepted by CSIAM Transactions on Applied Mathematics)},
  year={2020}
}

@article{weinan2018deep,
  title={The deep {Ritz} method: a deep learning-based numerical algorithm for solving variational problems},
  author={E, Weinan and Yu, Bing},
  journal={Communications in Mathematics and Statistics},
  volume={6},
  number={1},
  pages={1--12},
  year={2018},
  publisher={Springer}
}

@article{liao2019deep,
  title={Deep nitsche method: Deep ritz method with essential boundary conditions},
  author={Liao, Yulei and Ming, Pingbing},
  journal={arXiv preprint arXiv:1912.01309},
  year={2019}
}

@incollection {MR3674794,
    AUTHOR = {Abgrall, R. and Mishra, S.},
     TITLE = {Uncertainty quantification for hyperbolic systems of
              conservation laws},
 BOOKTITLE = {Handbook of numerical methods for hyperbolic problems},
    SERIES = {Handb. Numer. Anal.},
    VOLUME = {18},
     PAGES = {507--544},
 PUBLISHER = {Elsevier/North-Holland, Amsterdam},
      YEAR = {2017},
   MRCLASS = {65M08 (35L65 65M06 65M60 65M75)},
  MRNUMBER = {3674794},
}

@article {MR2673525,
    AUTHOR = {Tang, Tao and Zhou, Tao},
     TITLE = {Convergence analysis for stochastic collocation methods to
              scalar hyperbolic equations with a random wave speed},
   JOURNAL = {Communications in Computational Physics},
    VOLUME = {8},
      YEAR = {2010},
    NUMBER = {1},
     PAGES = {226--248},
      ISSN = {1815-2406},
   MRCLASS = {65M75 (35R60 65C30)},
  MRNUMBER = {2673525},
MRREVIEWER = {Allaberen Ashyralyev},
       DOI = {10.4208/cicp.060109.130110a},
       URL = {https://doi.org/10.4208/cicp.060109.130110a},
}

@article {MR2501693,
    AUTHOR = {Po\"{e}tte, Ga\"{e}l and Despr\'{e}s, Bruno and Lucor, Didier},
     TITLE = {Uncertainty quantification for systems of conservation laws},
   JOURNAL = {Journal of Computational Physics},
    VOLUME = {228},
      YEAR = {2009},
    NUMBER = {7},
     PAGES = {2443--2467},
      ISSN = {0021-9991},
   MRCLASS = {65C30 (35L65)},
  MRNUMBER = {2501693},
MRREVIEWER = {Carlos M. Mora Gonz\'{a}lez},
       DOI = {10.1016/j.jcp.2008.12.018},
       URL = {https://doi.org/10.1016/j.jcp.2008.12.018},
}

@article {MR3493500,
    AUTHOR = {Jin, Shi and Xiu, Dongbin and Zhu, Xueyu},
     TITLE = {A well-balanced stochastic {G}alerkin method for scalar
              hyperbolic balance laws with random inputs},
   JOURNAL = {Journal of Scientific Computing},
    VOLUME = {67},
      YEAR = {2016},
    NUMBER = {3},
     PAGES = {1198--1218},
      ISSN = {0885-7474},
   MRCLASS = {65M60 (35L65 65M75)},
  MRNUMBER = {3493500},
       DOI = {10.1007/s10915-015-0124-2},
       URL = {https://doi.org/10.1007/s10915-015-0124-2},
}

@book {MR3767234,
    AUTHOR = {Hesthaven, Jan S.},
     TITLE = {Numerical methods for conservation laws},
    SERIES = {Computational Science \& Engineering},
    VOLUME = {18},
      NOTE = {From analysis to algorithms},
 PUBLISHER = {Society for Industrial and Applied Mathematics (SIAM),
              Philadelphia, PA},
      YEAR = {2018},
     PAGES = {xvi+570},
      ISBN = {978-1-611975-09-3},
   MRCLASS = {65-02 (35L65 65M06 65M08 65M12 65M60 65M70 76Mxx)},
  MRNUMBER = {3767234},
MRREVIEWER = {Jean-Fran\c{c}ois Coulombel},
       DOI = {10.1137/1.9781611975109},
       URL = {https://doi.org/10.1137/1.9781611975109},
}

@book{jin2018uncertainty,
  title={Uncertainty Quantification for Hyperbolic and Kinetic Equations},
  author={Jin, Shi and Pareschi, Lorenzo},
  volume={14},
  year={2018},
  publisher={Springer}
}

@book{cockburn2012discontinuous,
  title={Discontinuous {Galerkin} methods: theory, computation and applications},
  author={Cockburn, Bernardo and Karniadakis, George E and Shu, Chi-Wang},
  volume={11},
  year={2012},
  publisher={Springer Science \& Business Media}
}

@book{Dafermos,
  title={Hyperbolic
Conservation Laws
in Continuum Physics}, 
  author={Dafermos, Constantine},
  volume={},
  year={2016},
  publisher={Springer}
}

@article{yan2002local,
  title={A local discontinuous {Galerkin} method for {KdV} type equations},
  author={Yan, Jue and Shu, Chi-Wang},
  journal={SIAM Journal on Numerical Analysis},
  volume={40},
  number={2},
  pages={769--791},
  year={2002},
  publisher={SIAM}
}

@article{wells2006discontinuous,
  title={A discontinuous {Galerkin} method for the {Cahn}--{Hilliard} equation},
  author={Wells, Garth N and Kuhl, Ellen and Garikipati, Krishna},
  journal={Journal of Computational Physics},
  volume={218},
  number={2},
  pages={860--877},
  year={2006},
  publisher={Elsevier}
}


@article{cockburn2004locally,
  title={{Locally} divergence-free discontinuous {Galerkin} methods for the {Maxwell} equations},
  author={Cockburn, Bernardo and Li, Fengyan and Shu, Chi-Wang},
  journal={Journal of Computational Physics},
  volume={194},
  number={2},
  pages={588--610},
  year={2004},
  publisher={Elsevier}
}

@article{klockner2011viscous,
  title={Viscous shock capturing in a time-explicit discontinuous {Galerkin} method},
  author={Kl{\"o}ckner, Andreas and Warburton, Tim and Hesthaven, Jan S},
  journal={Mathematical Modelling of Natural Phenomena},
  volume={6},
  number={3},
  pages={57--83},
  year={2011},
  publisher={EDP Sciences}
}


@article{cockburn1998locald,
  title={The local discontinuous {Galerkin} method for time-dependent convection-diffusion systems},
  author={Cockburn, Bernardo and Shu, Chi-Wang},
  journal={SIAM Journal on Numerical Analysis},
  volume={35},
  number={6},
  pages={2440--2463},
  year={1998},
  publisher={SIAM}
}

@article{lomtev1999discontinuous,
  title={A discontinuous {Galerkin} method for the {Navier}--{Stokes} equations},
  author={Lomtev, Igor and Karniadakis, George Em},
  journal={International journal for numerical methods in fluids},
  volume={29},
  number={5},
  pages={587--603},
  year={1999},
  publisher={Wiley Online Library}
}


@article{cockburn1989tvbo,
  title={ {TVB} {Runge}-{Kutta} local projection discontinuous {Galerkin} finite element method for conservation laws. {II}. General framework},
  author={Cockburn, Bernardo and Shu, Chi-Wang},
  journal={Mathematics of computation},
  volume={52},
  number={186},
  pages={411--435},
  year={1989}
}

@article{cockburn1989tvbm,
  title={{TVB} {Runge-Kutta} local projection discontinuous {Galerkin} finite element method for conservation laws {III}: one-dimensional systems},
  author={Cockburn, Bernardo and Lin, San-Yih and Shu, Chi-Wang},
  journal={Journal of Computational Physics},
  volume={84},
  number={1},
  pages={90--113},
  year={1989},
  publisher={Elsevier}
}

@book{barth2013uncertainty,
	author = {Bijl, Hester and Lucor, Didier and Mishra, Siddhartha and Schwab, Christoph},
	title = {{Uncertainty Quantification in Computational Fluid Dynamics}},
	year = {2013},
	issn = {1439-7358},
	publisher = {Springer},
	address = {Cham, Switzerland},
	doi = {10.1007/978-3-319-00885-1}
}

@article{gottlieb2008galerkin,
  title={Galerkin method for wave equations with uncertain coefficients},
  author={Gottlieb, David and Xiu, Dongbin},
  journal={Communications in Computational Physics},
  volume={3},
  number={2},
  pages={505--518},
  year={2008}
}

@article{hu2015stochastic,
  title={A Stochastic {Galerkin} Method for {Hamilton}--{Jacobi} Equations with Uncertainty},
  author={Hu, Jingwei and Jin, Shi and Xiu, Dongbin},
  journal={SIAM Journal on Scientific Computing},
  volume={37},
  number={5},
  pages={A2246--A2269},
  year={2015},
  publisher={SIAM}
}

@book{xiu2010numerical,
  title={Numerical methods for stochastic computations: a spectral method approach},
  author={Xiu, Dongbin},
  year={2010},
  publisher={Princeton university press}
}

@article{cockburn1990runge,
  title={The {Runge-Kutta} local projection discontinuous {Galerkin} finite element method for conservation laws. {IV}. The multidimensional case},
  author={Cockburn, Bernardo and Hou, Suchung and Shu, Chi-Wang},
  journal={Mathematics of Computation},
  volume={54},
  number={190},
  pages={545--581},
  year={1990}
}


@article{Cyb,
  title={Approximation by superpositions of a sigmoidal function},
  author={Cybenko, George},
  journal={Mathematics of control, signals and systems},
  volume={2},
  number={4},
  pages={303--314},
  year={1989},
  publisher={Springer}
}

@article{Fun,
  title={On the approximate realization of continuous mappings by neural networks},
  author={Funahashi, Ken-Ichi},
  journal={Neural networks},
  volume={2},
  number={3},
  pages={183--192},
  year={1989},
  publisher={Elsevier}
}

@article{HJJL,
  title={Trend to equilibrium for the kinetic {Fokker-Planck} equation via the neural network approach},
  author={Hwang, Hyung Ju and Jang, Jin Woo and Jo, Hyeontae and Lee, Jae Yong},
  journal={Journal of Computational Physics},
  volume={419},
  pages={109665},
  year={2020},
  publisher={Elsevier}
}

@article{2020algorithms,
title={Algorithms for {S}olving {High} Dimensional {PDEs}: From Nonlinear {M}onte {C}arlo to {M}achine {L}earning},
author={E, Weinan and Han, Jiequn and Jentzen, Arnulf},
journal={arXiv preprint arXiv:2008.13333},
year={2020}
}


@article{weinan2020machine,
title={{Machine Learning and Computational Mathematics}},
author={E, Weinan},
journal={Communications in Computational Physics},
volume={28},
pages={1639--1670},
year={2020}
}


@article{meng2020ppinn,
  title={{PPINN: P}arareal physics-informed neural network for time-dependent {PDEs}},
  author={Meng, Xuhui and Li, Zhen and Zhang, Dongkun and Karniadakis, George Em},
  journal={Computer Methods in Applied Mechanics and Engineering},
  volume={370},
  pages={113250},
  year={2020},
  publisher={Elsevier}
}

@article{raissi2019physics,
  title={Physics-informed neural networks: A deep learning framework for solving forward and inverse problems involving nonlinear partial differential equations},
  author={Raissi, Maziar and Perdikaris, Paris and Karniadakis, George E},
  journal={Journal of Computational Physics},
  volume={378},
  pages={686--707},
  year={2019},
  publisher={Elsevier}
}

@article{zhang2019quantifying,
  title={Quantifying total uncertainty in physics-informed neural networks for solving forward and inverse stochastic problems},
  author={Zhang, Dongkun and Lu, Lu and Guo, Ling and Karniadakis, George Em},
  journal={Journal of Computational Physics},
  volume={397},
  pages={108850},
  year={2019},
  publisher={Elsevier}
}


@book{boyd2011distributed,
  title={Distributed optimization and statistical learning via the alternating direction method of multipliers},
  author={Boyd, Stephen and Parikh, Neal and Chu, Eric},
  year={2011},
  publisher={Now Publishers Inc}
}

@article{caflisch1998monte,
  title={{Monte Carlo and quasi-Monte Carlo methods}},
  author={Caflisch, Russel E},
  journal={Acta Numerica},
  volume={1998},
  pages={1--49},
  year={1998},
  publisher={Cambridge University Press}
}

@article{chen2021quasi,
  title={Quasi-{M}onte {C}arlo Sampling for Solving Partial Differential Equations by Deep Neural Networks},
  author={Chen, Jingrun and Du, Rui and Li, Panchi and Lyu, Liyao},
  journal={Numerical Mathematics: Theory Methods and Applications},
  volume={14},
  number={2},
  pages={377--404},
  year={2021}
}


@article{gopalakrishnan2003multilevel,
  title={A multilevel discontinuous {G}alerkin method},
  author={Gopalakrishnan, Jay and Kanschat, Guido},
  journal={Numerische Mathematik},
  volume={95},
  number={3},
  pages={527--550},
  year={2003},
  publisher={Springer}
}

@article{jin2018discrete,
  title={{The discrete stochastic Galerkin method for hyperbolic equations with non-smooth and random coefficients}},
  author={Jin, Shi and Ma, Zheng},
  journal={Journal of Scientific Computing},
  volume={74},
  number={1},
  pages={97--121},
  year={2018},
  publisher={Springer}
}

@article{basdevant1986spectral,
  title={{Spectral and finite difference solutions of the Burgers' equation}},
  author={Basdevant, Cea and Deville, M and Haldenwang, P and Lacroix, JM and Ouazzani, J and Peyret, R and Orlandi, Paolo and Patera, AT},
  journal={Computers \& fluids},
  volume={14},
  number={1},
  pages={23--41},
  year={1986},
  publisher={Elsevier}
}
@article{dogan2004galerkin,
  title={{A Galerkin finite element approach to Burgers' equation}},
  author={Dogan, Abdulkadir},
  journal={Applied mathematics and computation},
  volume={157},
  number={2},
  pages={331--346},
  year={2004},
  publisher={Elsevier}
}

@article{chavent1989local,
  title={{The local projection-discontinuous-Galerkin finite element method for scalar conservation laws}},
  author={Chavent, Guy and Cockburn, Bernardo},
  journal={ESAIM: Mathematical Modelling and Numerical Analysis},
  volume={23},
  number={4},
  pages={565--592},
  year={1989},
  publisher={EDP Sciences}
}