@article{weinan2018deep,
  title={The deep Ritz method: a deep learning-based numerical algorithm for solving variational problems},
  author={Weinan, E and Yu, Bing},
  journal={Communications in Mathematics and Statistics},
  volume={6},
  number={1},
  pages={1--12},
  year={2018},
  publisher={Springer}
}

@article{liao2019deep,
  title={Deep Nitsche method: Deep Ritz method with essential boundary conditions},
  author={Liao, Yulei and Ming, Pingbing},
  journal={arXiv preprint arXiv:1912.01309},
  year={2019}
}

@article{sirignano2018dgm,
  title={DGM: A deep learning algorithm for solving partial differential equations},
  author={Sirignano, Justin and Spiliopoulos, Konstantinos},
  journal={Journal of computational physics},
  volume={375},
  pages={1339--1364},
  year={2018},
  publisher={Elsevier}
}

@article{lyu2020mim,
  title={MIM: A deep mixed residual method for solving high-order partial differential equations},
  author={Lyu, Liyao and Zhang, Zhen and Chen, Minxin and Chen, Jingrun},
  journal={arXiv preprint arXiv:2006.04146},
  year={2020}
}

@article{lyu2020enforcing,
  title={Enforcing exact boundary and initial conditions in the deep mixed residual method},
  author={Lyu, Liyao and Wu, Keke and Du, Rui and Chen, Jingrun},
  journal={arXiv preprint arXiv:2008.01491},
  year={2020}
}

@article{liu2020multi,
  title={Multi-scale Deep Neural Network (MscaleDNN) for Solving Poisson-Boltzmann Equation in Complex Domains},
  author={Liu, Ziqi and Cai, Wei and Xu, Zhi-Qin John},
  journal={arXiv preprint arXiv:2007.11207},
  year={2020}
}

@article{cai2019multi,
  title={Multi-scale deep neural networks for solving high dimensional pdes},
  author={Cai, Wei and Xu, Zhi-Qin John},
  journal={arXiv preprint arXiv:1910.11710},
  year={2019}
}

@article{huang2020int,
  title={Int-deep: A deep learning initialized iterative method for nonlinear problems},
  author={Huang, Jianguo and Wang, Haoqin and Yang, Haizhao},
  journal={Journal of Computational Physics},
  volume={419},
  pages={109675},
  year={2020},
  publisher={Elsevier}
}

@inproceedings{liu2020selectnet,
  title={Selectnet: Learning to sample from the wild for imbalanced data training},
  author={Liu, Yunru and Gao, Tingran and Yang, Haizhao},
  booktitle={Mathematical and Scientific Machine Learning},
  pages={193--206},
  year={2020},
  organization={PMLR}
}

@article{iwasaki2019machine,
  title={Machine-learning guided discovery of a new thermoelectric material},
  author={Iwasaki, Yuma and Takeuchi, Ichiro and Stanev, Valentin and Kusne, Aaron Gilad and Ishida, Masahiko and Kirihara, Akihiro and Ihara, Kazuki and Sawada, Ryohto and Terashima, Koichi and Someya, Hiroko and others},
  journal={Scientific reports},
  volume={9},
  number={1},
  pages={1--7},
  year={2019},
  publisher={Nature Publishing Group}
}

@article{ramprasad2017machine,
  title={Machine learning in materials informatics: recent applications and prospects},
  author={Ramprasad, Rampi and Batra, Rohit and Pilania, Ghanshyam and Mannodi-Kanakkithodi, Arun and Kim, Chiho},
  journal={npj Computational Materials},
  volume={3},
  number={1},
  pages={1--13},
  year={2017},
  publisher={Nature Publishing Group}
}

@article{meng2020ppinn,
  title={PPINN: Parareal physics-informed neural network for time-dependent PDEs},
  author={Meng, Xuhui and Li, Zhen and Zhang, Dongkun and Karniadakis, George Em},
  journal={Computer Methods in Applied Mechanics and Engineering},
  volume={370},
  pages={113250},
  year={2020},
  publisher={Elsevier}
}

@article{raissi2018deep,
  title={Deep hidden physics models: Deep learning of nonlinear partial differential equations},
  author={Raissi, Maziar},
  journal={The Journal of Machine Learning Research},
  volume={19},
  number={1},
  pages={932--955},
  year={2018},
  publisher={JMLR. org}
}




@article{raissi2019physics,
  title={Physics-informed neural networks: A deep learning framework for solving forward and inverse problems involving nonlinear partial differential equations},
  author={Raissi, Maziar and Perdikaris, Paris and Karniadakis, George E},
  journal={Journal of Computational Physics},
  volume={378},
  pages={686--707},
  year={2019},
  publisher={Elsevier}
}




@InProceedings{bottou2010large,
author="Bottou, L{\'e}on",
editor="Lechevallier, Yves
and Saporta, Gilbert",
title="Large-Scale Machine Learning with Stochastic Gradient Descent",
booktitle="Proceedings of COMPSTAT'2010",
year="2010",
publisher="Physica-Verlag HD",
address="Heidelberg",
pages="177--186",
}



@InProceedings{bottou2012stochastic,
author = {Bottou, L{\'e}on},
title = {Stochastic Gradient Descent Tricks},
series = {Lecture Notes in Computer Science (LNCS)},
booktitle = {Neural Networks, Tricks of the Trade, Reloaded},
year = {2012},
publisher = {Springer},
pages = {430-445},
volume = {7700},
edition = {Neural Networks, Tricks of the Trade, Reloaded},
}



@inproceedings{li2017stochastic,
  title={Stochastic modified equations and adaptive stochastic gradient algorithms},
  author={Li, Qianxiao and Tai, Cheng and Weinan, E},
  booktitle={International Conference on Machine Learning},
  pages={2101--2110},
  year={2017}
}

@article{ruder2016overview,
  title={An overview of gradient descent optimization algorithms},
  author={Ruder, Sebastian},
  journal={arXiv preprint arXiv:1609.04747},
  year={2016}
}


@article{kingma2014adam,
  title={Adam: A method for stochastic optimization},
  author={Kingma, Diederik P. and Ba, Jimmy},
  journal={arXiv preprint arXiv:1412.6980},
  year={2014}
}

@article{bengio1994learning,
  title={Learning long-term dependencies with gradient descent is difficult},
  author={Bengio, Yoshua and Simard, Patrice and Frasconi, Paolo},
  journal={IEEE transactions on neural networks},
  volume={5},
  number={2},
  pages={157--166},
  year={1994},
  publisher={IEEE}
}

@article{lagarias1998convergence,
title={Convergence Properties of the {N}elder--{M}ead Simplex Method in Low Dimensions},
author = {Lagarias, Jeffrey C. and Reeds, James A. and Wright, Margaret H. and Wright, Paul E.},
journal={SIAM Journal on Optimization},
volume={9},
number={1},
pages={112--147},
year={1998}}

@article{nelder1965a,
    author = {Nelder, J. A. and Mead, R.},
    title = {A Simplex Method for Function Minimization},
    journal = {The Computer Journal},
    volume = {7},
    number = {4},
    pages = {308-313},
    year = {1965},
    month = {01},
    issn = {0010-4620},
    doi = {10.1093/comjnl/7.4.308}
}






@article{whitley1994genetic,
  title={A genetic algorithm tutorial},
  author={Whitley, Darrell},
  journal={Statistics and computing},
  volume={4},
  number={2},
  pages={65--85},
  year={1994},
  publisher={Springer}
}

@article{harik1999compact,
  title={The compact genetic algorithm},
  author={Harik, Georges R. and Lobo, Fernando G. and Goldberg, David E},
  journal={IEEE transactions on evolutionary computation},
  volume={3},
  number={4},
  pages={287--297},
  year={1999},
  publisher={IEEE}
}

@article{sun2020automatically,
  title={Automatically Designing CNN Architectures Using the Genetic Algorithm for Image Classification},
  author={Sun, Yanan and Xue, Bing and Zhang, Mengjie and Yen, Gary G and Lv, Jiancheng},
  journal={IEEE Transactions on Cybernetics},
  year={2020},
  publisher={IEEE}
}


@book{van1987simulated,
	author = {van Laarhoven, Peter J. M. and Aarts, Emile H. L.},
	title = {{Simulated Annealing: Theory and Applications}},
	year = {1987},
	isbn = {978-90-481-8438-5},
	publisher = {Springer},
	address = {Dordrecht, The Netherlands},
	doi = {10.1007/978-94-015-7744-1}
}

@article{kirkpatrick1983optimization,
  title={Optimization by simulated annealing},
  author={Kirkpatrick, Scott and Gelatt, C. Daniel and Vecchi, Mario P.},
  journal={Science},
  volume={220},
  number={4598},
  pages={671--680},
  year={1983},
  publisher={American association for the advancement of science}
}

@inproceedings{rahaman2019spectral,
  title={On the spectral bias of neural networks},
  author={Rahaman, Nasim and Baratin, Aristide and Arpit, Devansh and Draxler, Felix and Lin, Min and Hamprecht, Fred and Bengio, Yoshua and Courville, Aaron},
  booktitle={International Conference on Machine Learning},
  pages={5301--5310},
  year={2019},
  organization={PMLR}
}

@inproceedings{kennedy1995particle,
  title={Particle swarm optimization},
  author={Kennedy, James and Eberhart, Russell},
  booktitle={Proceedings of ICNN'95-International Conference on Neural Networks},
  volume={4},
  pages={1942--1948},
  year={1995},
  organization={IEEE}
}

@article{poli2007particle,
  title={Particle swarm optimization},
  author={Poli, Riccardo and Kennedy, James and Blackwell, Tim},
  journal={Swarm intelligence},
  volume={1},
  number={1},
  pages={33--57},
  year={2007},
  publisher={Springer}
}

@article{pinnau2017consensus,
  title={A consensus-based model for global optimization and its mean-field limit},
  author={Pinnau, Ren{\'e} and Totzeck, Claudia and Tse, Oliver and Martin, Stephan},
  journal={Mathematical Models and Methods in Applied Sciences},
  volume={27},
  number={01},
  pages={183--204},
  year={2017},
  publisher={World Scientific}
}

@article{carrillo2018analytical,
  title={An analytical framework for consensus-based global optimization method},
  author={Carrillo, Jos{\'e} A. and Choi, Young-Pil and Totzeck, Claudia and Tse, Oliver},
  journal={Mathematical Models and Methods in Applied Sciences},
  volume={28},
  number={06},
  pages={1037--1066},
  year={2018},
  publisher={World Scientific}
}


@article{ha2008from,
title={From particle to kinetic and hydrodynamic descriptions of flocking},
author={Ha, Seungyeal and Tadmor, Eitan},
journal={Kinetic and Related Models},
volume={1},
number={3},
pages={415--435},
year={2008}}
@article{kolokolnikov2013emergent,
title={Emergent behaviour in multi-particle systems with non-local interactions},
author={Kolokolnikov, Theodore and Carrillo, Jos{\'e} A. and Bertozzi, Andrea L. and Fetecau, Razvan C and Lewis, Mark A},
journal={Physica D: Nonlinear Phenomena},
volume={260},
pages={1--4},
year={2013}}

@article{cucker2007on,
title={On the mathematics of emergence},
author={Cucker, Felipe and Smale, Steve},
journal={Japanese Journal of Mathematics},
volume={2},
number={1},
pages={197--227},
year={2007}}

@article{carrillo2010asymptotic,
title={ASYMPTOTIC FLOCKING DYNAMICS FOR THE KINETIC {C}UCKER-{S}MALE MODEL},
author={Carrillo, Jos{\'e} A. and Fornasier, Massimo and Rosado, Jesus and Toscani, Giuseppe},
journal={SIAM Journal on Mathematical Analysis},
volume={42},
number={1},
pages={218--236},
year={2010}}

@article{toscani2006kinetic,
title={Kinetic models of opinion formation},
author={Toscani, Giuseppe},
journal={Communications in Mathematical Sciences},
volume={4},
number={3},
pages={481--496},
year={2006}}


@article{bellomo2013from,
  title={From the microscale to collective crowd dynamics},
  author={Bellomo, Nicola and Bellouquid, Abdelghani and Knopoff, Damian},
  journal={Multiscale Modeling \& Simulation},
  volume={11},
  number={3},
  pages={943--963},
  year={2013},
  publisher={SIAM}
}

@article{motsch2014heterophilious,
title={Heterophilious Dynamics Enhances Consensus},
author={Motsch, Sebastien and Tadmor, Eitan},
journal={SIAM Review},
volume={56},
number={4},
pages={577--621},
year={2014}}


@article{bertozzi2015contagion,
  title={Contagion shocks in one dimension},
  author={Bertozzi, Andrea L. and Rosado, Jesus and Short, Martin B. and Wang, Li},
  journal={Journal of Statistical Physics},
  volume={158},
  number={3},
  pages={647--664},
  year={2015},
  publisher={Springer}
}


@article{carrillo2019consensus,
  title={A consensus-based global optimization method for high dimensional machine learning problems},
  author={Carrillo, Jos{\'e} A. and Jin, Shi and Li, Lei and Zhu, Yuhua},
  journal={arXiv preprint arXiv:1909.09249},
  year={2019}
}

@article{ha2019convergence,
  title={Convergence of a first-order consensus-based global optimization algorithm},
  author={Ha, Seung-Yeal and Jin, Shi and Kim, Doheon},
  journal={arXiv preprint arXiv:1910.08239},
  year={2019}
}

@article{ha2020convergence,
  title={Convergence and error estimates for time-discrete consensus-based optimization algorithms},
  author={Ha, Seug-Yeal and Jin, Shi and Kim, Doheon},
  journal={arXiv preprint arXiv:2003.05086},
  year={2020}
}




@article{xu2019frequency,
  title={Frequency principle: Fourier analysis sheds light on deep neural networks},
  author={Xu, Zhi-Qin John and Zhang, Yaoyu and Luo, Tao and Xiao, Yanyang and Ma, Zheng},
  journal={arXiv preprint arXiv:1901.06523},
  year={2019}
}





@article{Qian1999Jan,
	author = {Qian, Ning},
	title = {{On the momentum term in gradient descent learning algorithms}},
	journal = {Neural Networks},
	volume = {12},
	number = {1},
	pages = {145--151},
	year = {1999},
	month = {Jan},
	issn = {0893-6080},
	publisher = {Pergamon},
	doi = {10.1016/S0893-6080(98)00116-6}
}

@article{han2019solving,
  title={Solving many-electron Schr{\"o}dinger equation using deep neural networks},
  author={Han, Jiequn and Zhang, Linfeng and Weinan, E},
  journal={Journal of Computational Physics},
  volume={399},
  pages={108929},
  year={2019},
  publisher={Elsevier}
}

@article{han2018solving,
  title={Solving high-dimensional partial differential equations using deep learning},
  author={Han, Jiequn and Jentzen, Arnulf and Weinan, E},
  journal={Proceedings of the National Academy of Sciences},
  volume={115},
  number={34},
  pages={8505--8510},
  year={2018},
  publisher={National Acad Sciences}
}

@article{weinan2017deep,
  title={Deep learning-based numerical methods for high-dimensional parabolic partial differential equations and backward stochastic differential equations},
  author={Weinan, E and Han, Jiequn and Jentzen, Arnulf},
  journal={Communications in Mathematics and Statistics},
  volume={5},
  number={4},
  pages={349--380},
  year={2017},
  publisher={Springer}
}

@article{hutzenthaler2020multilevel,
  title={Multilevel Picard approximations for high-dimensional semilinear second-order PDEs with Lipschitz nonlinearities},
  author={Hutzenthaler, Martin and Jentzen, Arnulf and Kruse, Thomas and Nguyen, Tuan Anh},
  journal={arXiv preprint arXiv:2009.02484},
  year={2020}
}

@article{cheridito2020non,
  title={Non-convergence of stochastic gradient descent in the training of deep neural networks},
  author={Cheridito, Patrick and Jentzen, Arnulf and Rossmannek, Florian},
  journal={arXiv preprint arXiv:2006.07075},
  year={2020}
}

@article{hutzenthaler2020overcoming,
  title={Overcoming the curse of dimensionality in the approximative pricing of financial derivatives with default risks},
  author={Hutzenthaler, Martin and Jentzen, Arnulf and others},
  journal={Electronic Journal of Probability},
  volume={25},
  year={2020},
  publisher={The Institute of Mathematical Statistics and the Bernoulli Society}
}

@article{zang2020weak,
  title={Weak adversarial networks for high-dimensional partial differential equations},
  author={Zang, Yaohua and Bao, Gang and Ye, Xiaojing and Zhou, Haomin},
  journal={Journal of Computational Physics},
  pages={109409},
  year={2020},
  publisher={Elsevier}
}

@inproceedings{glorot2010understanding,
  title={Understanding the difficulty of training deep feedforward neural networks},
  author={Glorot, Xavier and Bengio, Yoshua},
  booktitle={Proceedings of the thirteenth international conference on artificial intelligence and statistics},
  pages={249--256},
  year={2010}
}

@article{hornik1989multilayer,
  title={Multilayer feedforward networks are universal approximators.},
  author={Hornik, Kurt and Stinchcombe, Maxwell and White, Halbert and others},
  journal={Neural networks},
  volume={2},
  number={5},
  pages={359--366},
  year={1989}
}

@article{hornik1991approximation,
  title={Approximation capabilities of multilayer feedforward networks},
  author={Hornik, Kurt},
  journal={Neural networks},
  volume={4},
  number={2},
  pages={251--257},
  year={1991},
  publisher={Elsevier}
}

@article{he2018relu,
  title={ReLU deep neural networks and linear finite elements},
  author={He, Juncai and Li, Lin and Xu, Jinchao and Zheng, Chunyue},
  journal={arXiv preprint arXiv:1807.03973},
  year={2018}
}

@article{Rahaman2018,
  title={On the Spectral Bias of Deep Neural Networks},
  author={Nasim Rahaman and Devansh Arpit and Aristide Baratin and Felix Draxler and Min Lin and Fred A. Hamprecht and Yoshua Bengio and Aaron Courville},
  journal={arXiv preprint arXiv:1806.08734},
  year={2018}
}

@article{weinan2020,
  title={Algorithms for Solving High Dimensional {PDEs}: {F}rom
Nonlinear {Monte Carlo} to Machine Learning},
  author={Weinan E and Jiequan Han and Arnulf Jentzen},
  journal={arXiv preprint arXiv:2008.13333},
  year={2020}
}

@article{duchi2011adaptive,
  title={Adaptive subgradient methods for online learning and stochastic optimization.},
  author={Duchi, John and Hazan, Elad and Singer, Yoram},
  journal={Journal of machine learning research},
  volume={12},
  number={7},
  year={2011}
}

@article{zeiler2012adadelta,
  title={Adadelta: an adaptive learning rate method},
  author={Zeiler, Matthew D.},
  journal={arXiv preprint arXiv:1212.5701},
  year={2012}
}

@inproceedings{hanin2018neural,
  title={Which neural net architectures give rise to exploding and vanishing gradients?},
  author={Hanin, Boris},
  booktitle={Advances in neural information processing systems},
  pages={582--591},
  year={2018}
}

@article{liu2020bad,
  title={Bad global minima exist and sgd can reach them},
  author={Liu, Shengchao and Papailiopoulos, Dimitris and Achlioptas, Dimitris},
  journal={Advances in Neural Information Processing Systems},
  volume={33},
  year={2020}
}

@article{carrillo2018analytical,
  title={An analytical framework for consensus-based global optimization method},
  author={Carrillo, Jos{\'e} A and Choi, Young-Pil and Totzeck, Claudia and Tse, Oliver},
  journal={Mathematical Models and Methods in Applied Sciences},
  volume={28},
  number={06},
  pages={1037--1066},
  year={2018},
  publisher={World Scientific}
}

@article{totzeck2018numerical,
  title={A Numerical Comparison of Consensus-Based Global Optimization to other Particle-based Global Optimization Schemes},
  author={Totzeck, Claudia and Pinnau, Ren{\'e} and Blauth, Sebastian and Schotth{\"o}fer, Steffen},
  journal={PAMM},
  volume={18},
  number={1},
  pages={e201800291},
  year={2018},
  publisher={Wiley Online Library}
}

@article{pinnau2017consensus,
  title={A consensus-based model for global optimization and its mean-field limit},
  author={Pinnau, Ren{\'e} and Totzeck, Claudia and Tse, Oliver and Martin, Stephan},
  journal={Mathematical Models and Methods in Applied Sciences},
  volume={27},
  number={01},
  pages={183--204},
  year={2017},
  publisher={World Scientific}
}

@article{carrillo2019consensus,
  title={A consensus-based global optimization method for high dimensional machine learning problems},
  author={Carrillo, Jos{\'e} A and Jin, Shi and Li, Lei and Zhu, Yuhua},
  journal={arXiv preprint arXiv:1909.09249},
  year={2019}
}
