@article{Exciton,
  author =   {Liyao Lyu, Zhiwen Zhang and Jingrun Chen},
  title =    {A QMC-Deep Learning Method for Diffusivity Estimation in Random Domains},
  journal = {Numerical Mathematics Theory Methods and Applications},
  year =     2020,
  url = {https://doc.global-sci.org/uploads/online_news/NMTMA/202004201755-14524.pdf}
  }

@article{DRM,
title = "Quasi-Monte Carlo sampling for machine-learning partial differential equations",
author = {Jingrun Chen and Rui Du and Panchi Li and Liyao Lyu},
year = {2020},
journal = {Arxiv},
year = 2020,
url = {https://arxiv.org/abs/1911.01612}
}
