@inproceedings{jia2020pushing,
  title={Pushing the limit of molecular dynamics with ab initio accuracy to 100 million atoms with machine learning},
  author={Jia, Weile and Wang, Han and Chen, Mohan and Lu, Denghui and Lin, Lin and Car, Roberto and Weinan, E and Zhang, Linfeng},
  booktitle={SC20: International conference for high performance computing, networking, storage and analysis},
  pages={1--14},
  year={2020},
  organization={IEEE}
}